%YAML 1.1
%TAG !u! tag:unity3d.com,2011:
--- !u!1 &102386
GameObject:
  m_ObjectHideFlags: 0
  m_PrefabParentObject: {fileID: 0}
  m_PrefabInternal: {fileID: 100100000}
  serializedVersion: 5
  m_Component:
  - component: {fileID: 428226}
  - component: {fileID: 3330906}
  - component: {fileID: 2322926}
  - component: {fileID: 114313853577018892}
  - component: {fileID: 114443382424317606}
  m_Layer: 10
  m_Name: BottomLegs
  m_TagString: Untagged
  m_Icon: {fileID: 0}
  m_NavMeshLayer: 0
  m_StaticEditorFlags: 12
  m_IsActive: 1
--- !u!1 &108164
GameObject:
  m_ObjectHideFlags: 1
  m_PrefabParentObject: {fileID: 0}
  m_PrefabInternal: {fileID: 100100000}
  serializedVersion: 5
  m_Component:
  - component: {fileID: 431300}
  - component: {fileID: 3342620}
  - component: {fileID: 2315344}
  - component: {fileID: 114566298143012844}
  - component: {fileID: 114589930397763584}
  m_Layer: 10
  m_Name: TopHandle
  m_TagString: Untagged
  m_Icon: {fileID: 0}
  m_NavMeshLayer: 0
  m_StaticEditorFlags: 0
  m_IsActive: 1
--- !u!1 &111000
GameObject:
  m_ObjectHideFlags: 1
  m_PrefabParentObject: {fileID: 0}
  m_PrefabInternal: {fileID: 100100000}
  serializedVersion: 5
  m_Component:
  - component: {fileID: 406004}
  - component: {fileID: 3324018}
  - component: {fileID: 2321202}
  m_Layer: 10
  m_Name: ShadowBlob
  m_TagString: Untagged
  m_Icon: {fileID: 0}
  m_NavMeshLayer: 0
  m_StaticEditorFlags: 0
  m_IsActive: 0
--- !u!1 &129356
GameObject:
  m_ObjectHideFlags: 1
  m_PrefabParentObject: {fileID: 0}
  m_PrefabInternal: {fileID: 100100000}
  serializedVersion: 5
  m_Component:
  - component: {fileID: 424722}
  - component: {fileID: 3347418}
  - component: {fileID: 2399480}
  - component: {fileID: 114698930008665986}
  - component: {fileID: 114070714363984976}
  m_Layer: 10
  m_Name: TopLights
  m_TagString: Untagged
  m_Icon: {fileID: 0}
  m_NavMeshLayer: 0
  m_StaticEditorFlags: 0
  m_IsActive: 1
--- !u!1 &141494
GameObject:
  m_ObjectHideFlags: 1
  m_PrefabParentObject: {fileID: 0}
  m_PrefabInternal: {fileID: 100100000}
  serializedVersion: 5
  m_Component:
  - component: {fileID: 437912}
  - component: {fileID: 3392076}
  - component: {fileID: 2331774}
  - component: {fileID: 114571204324544278}
  - component: {fileID: 114159823010277028}
  m_Layer: 10
  m_Name: MiddleT
  m_TagString: Untagged
  m_Icon: {fileID: 0}
  m_NavMeshLayer: 0
  m_StaticEditorFlags: 0
  m_IsActive: 1
--- !u!1 &146370
GameObject:
  m_ObjectHideFlags: 0
  m_PrefabParentObject: {fileID: 0}
  m_PrefabInternal: {fileID: 100100000}
  serializedVersion: 5
  m_Component:
  - component: {fileID: 467060}
  - component: {fileID: 22073502}
  - component: {fileID: 20586236}
  - component: {fileID: 114850949019207836}
  m_Layer: 10
  m_Name: StandingLight
  m_TagString: Untagged
  m_Icon: {fileID: 0}
  m_NavMeshLayer: 0
  m_StaticEditorFlags: 12
  m_IsActive: 1
--- !u!1 &154230
GameObject:
  m_ObjectHideFlags: 1
  m_PrefabParentObject: {fileID: 0}
  m_PrefabInternal: {fileID: 100100000}
  serializedVersion: 5
  m_Component:
  - component: {fileID: 496980}
  - component: {fileID: 3304980}
  - component: {fileID: 2345852}
  m_Layer: 10
  m_Name: LightBulb
  m_TagString: Untagged
  m_Icon: {fileID: 0}
  m_NavMeshLayer: 0
  m_StaticEditorFlags: 0
  m_IsActive: 0
--- !u!1 &168556
GameObject:
  m_ObjectHideFlags: 0
  m_PrefabParentObject: {fileID: 0}
  m_PrefabInternal: {fileID: 100100000}
  serializedVersion: 5
  m_Component:
  - component: {fileID: 485668}
  - component: {fileID: 114237738871807936}
  m_Layer: 10
  m_Name: StandingLight Shadow
  m_TagString: Untagged
  m_Icon: {fileID: 0}
  m_NavMeshLayer: 0
  m_StaticEditorFlags: 0
  m_IsActive: 1
--- !u!1 &190188
GameObject:
  m_ObjectHideFlags: 0
  m_PrefabParentObject: {fileID: 0}
  m_PrefabInternal: {fileID: 100100000}
  serializedVersion: 5
  m_Component:
  - component: {fileID: 415944}
  - component: {fileID: 114313382823885402}
  m_Layer: 10
  m_Name: StandingLight Low
  m_TagString: Untagged
  m_Icon: {fileID: 0}
  m_NavMeshLayer: 0
  m_StaticEditorFlags: 0
  m_IsActive: 1
--- !u!1 &192946
GameObject:
  m_ObjectHideFlags: 0
  m_PrefabParentObject: {fileID: 0}
  m_PrefabInternal: {fileID: 100100000}
  serializedVersion: 5
  m_Component:
  - component: {fileID: 487532}
  - component: {fileID: 3355810}
  - component: {fileID: 2321938}
  - component: {fileID: 114666479566919888}
  - component: {fileID: 114503909678953180}
  m_Layer: 10
  m_Name: LightFix
  m_TagString: Untagged
  m_Icon: {fileID: 0}
  m_NavMeshLayer: 0
  m_StaticEditorFlags: 12
  m_IsActive: 1
--- !u!4 &406004
Transform:
  m_ObjectHideFlags: 1
  m_PrefabParentObject: {fileID: 0}
  m_PrefabInternal: {fileID: 100100000}
  m_GameObject: {fileID: 111000}
  m_LocalRotation: {x: 0, y: 0, z: 0, w: 1}
  m_LocalPosition: {x: 0, y: 0, z: 0}
  m_LocalScale: {x: 100, y: 100, z: 100}
  m_Children: []
  m_Father: {fileID: 415944}
  m_RootOrder: 3
  m_LocalEulerAnglesHint: {x: 0, y: 0, z: 0}
--- !u!4 &415944
Transform:
  m_ObjectHideFlags: 1
  m_PrefabParentObject: {fileID: 0}
  m_PrefabInternal: {fileID: 100100000}
  m_GameObject: {fileID: 190188}
  m_LocalRotation: {x: 0, y: 0, z: 0, w: 1}
  m_LocalPosition: {x: 0, y: 0, z: 0}
  m_LocalScale: {x: 1, y: 1, z: 1}
  m_Children:
  - {fileID: 4808994366043434}
  - {fileID: 496980}
  - {fileID: 4515890510638426}
  - {fileID: 406004}
  - {fileID: 431300}
  - {fileID: 4212341607528554}
  m_Father: {fileID: 467060}
  m_RootOrder: 6
  m_LocalEulerAnglesHint: {x: 0, y: 0, z: 0}
--- !u!4 &424722
Transform:
  m_ObjectHideFlags: 1
  m_PrefabParentObject: {fileID: 0}
  m_PrefabInternal: {fileID: 100100000}
  m_GameObject: {fileID: 129356}
  m_LocalRotation: {x: 0, y: 0, z: 0, w: 1}
  m_LocalPosition: {x: 0, y: 0, z: 0}
  m_LocalScale: {x: 1, y: 1, z: 1}
  m_Children: []
  m_Father: {fileID: 485668}
  m_RootOrder: 5
  m_LocalEulerAnglesHint: {x: 0, y: 0, z: 0}
--- !u!4 &428226
Transform:
  m_ObjectHideFlags: 1
  m_PrefabParentObject: {fileID: 0}
  m_PrefabInternal: {fileID: 100100000}
  m_GameObject: {fileID: 102386}
  m_LocalRotation: {x: 0, y: 0.6259235, z: 0, w: 0.77988446}
  m_LocalPosition: {x: 0, y: 0.0009999871, z: -0}
  m_LocalScale: {x: 0.01, y: 0.01, z: 0.01}
  m_Children: []
  m_Father: {fileID: 467060}
  m_RootOrder: 1
  m_LocalEulerAnglesHint: {x: 0, y: 0, z: 0}
--- !u!4 &431300
Transform:
  m_ObjectHideFlags: 1
  m_PrefabParentObject: {fileID: 0}
  m_PrefabInternal: {fileID: 100100000}
  m_GameObject: {fileID: 108164}
  m_LocalRotation: {x: 0, y: 0, z: 0, w: 1}
  m_LocalPosition: {x: 0, y: 0, z: 0}
  m_LocalScale: {x: 1, y: 1, z: 1}
  m_Children: []
  m_Father: {fileID: 415944}
  m_RootOrder: 4
  m_LocalEulerAnglesHint: {x: 0, y: 0, z: 0}
--- !u!4 &437912
Transform:
  m_ObjectHideFlags: 1
  m_PrefabParentObject: {fileID: 0}
  m_PrefabInternal: {fileID: 100100000}
  m_GameObject: {fileID: 141494}
  m_LocalRotation: {x: 0, y: 0, z: 0, w: 1}
  m_LocalPosition: {x: 0, y: 0, z: 0}
  m_LocalScale: {x: 1, y: 1, z: 1}
  m_Children: []
  m_Father: {fileID: 485668}
  m_RootOrder: 2
  m_LocalEulerAnglesHint: {x: 0, y: 0, z: 0}
--- !u!4 &467060
Transform:
  m_ObjectHideFlags: 1
  m_PrefabParentObject: {fileID: 0}
  m_PrefabInternal: {fileID: 100100000}
  m_GameObject: {fileID: 146370}
  m_LocalRotation: {x: 0, y: -0.8815096, z: 0, w: 0.47216606}
  m_LocalPosition: {x: -4.7, y: -0.7820337, z: -40.28}
  m_LocalScale: {x: 1, y: 1, z: 1}
  m_Children:
  - {fileID: 4324910740642384}
  - {fileID: 428226}
  - {fileID: 487532}
  - {fileID: 4525001830109306}
  - {fileID: 4860276236126068}
  - {fileID: 4173832430098070}
  - {fileID: 415944}
  - {fileID: 485668}
  - {fileID: 4683125601264848}
  m_Father: {fileID: 0}
  m_RootOrder: 0
  m_LocalEulerAnglesHint: {x: 0, y: 1, z: 0}
--- !u!4 &485668
Transform:
  m_ObjectHideFlags: 1
  m_PrefabParentObject: {fileID: 0}
  m_PrefabInternal: {fileID: 100100000}
  m_GameObject: {fileID: 168556}
  m_LocalRotation: {x: 0, y: 0, z: 0, w: 1}
  m_LocalPosition: {x: 0, y: 0, z: 0}
  m_LocalScale: {x: 1, y: 1, z: 1}
  m_Children:
  - {fileID: 4623895508001074}
  - {fileID: 4938967945245022}
  - {fileID: 437912}
  - {fileID: 4861185036169422}
  - {fileID: 4571719233263206}
  - {fileID: 424722}
  m_Father: {fileID: 467060}
  m_RootOrder: 7
  m_LocalEulerAnglesHint: {x: 0, y: 0, z: 0}
--- !u!4 &487532
Transform:
  m_ObjectHideFlags: 1
  m_PrefabParentObject: {fileID: 0}
  m_PrefabInternal: {fileID: 100100000}
  m_GameObject: {fileID: 192946}
  m_LocalRotation: {x: 0, y: 0, z: 0, w: 1}
  m_LocalPosition: {x: 0, y: 0.001, z: 0}
  m_LocalScale: {x: 0.01, y: 0.01, z: 0.01}
  m_Children: []
  m_Father: {fileID: 467060}
  m_RootOrder: 2
  m_LocalEulerAnglesHint: {x: 0, y: 0, z: 0}
--- !u!4 &496980
Transform:
  m_ObjectHideFlags: 1
  m_PrefabParentObject: {fileID: 0}
  m_PrefabInternal: {fileID: 100100000}
  m_GameObject: {fileID: 154230}
  m_LocalRotation: {x: 0, y: 0, z: 0, w: 1}
  m_LocalPosition: {x: 0, y: 0, z: 0}
  m_LocalScale: {x: 1, y: 1, z: 1}
  m_Children: []
  m_Father: {fileID: 415944}
  m_RootOrder: 1
  m_LocalEulerAnglesHint: {x: 0, y: 0, z: 0}
--- !u!23 &2315344
MeshRenderer:
  m_ObjectHideFlags: 1
  m_PrefabParentObject: {fileID: 0}
  m_PrefabInternal: {fileID: 100100000}
  m_GameObject: {fileID: 108164}
  m_Enabled: 1
  m_CastShadows: 0
  m_ReceiveShadows: 0
  m_DynamicOccludee: 1
  m_MotionVectors: 1
  m_LightProbeUsage: 1
  m_ReflectionProbeUsage: 1
  m_Materials:
  - {fileID: 2100000, guid: 22ce2890052f2fc429227f0e454b9a42, type: 2}
  m_StaticBatchInfo:
    firstSubMesh: 0
    subMeshCount: 0
  m_StaticBatchRoot: {fileID: 0}
  m_ProbeAnchor: {fileID: 0}
  m_LightProbeVolumeOverride: {fileID: 0}
  m_ScaleInLightmap: 1
  m_PreserveUVs: 0
  m_IgnoreNormalsForChartDetection: 0
  m_ImportantGI: 0
  m_StitchLightmapSeams: 0
  m_SelectedEditorRenderState: 3
  m_MinimumChartSize: 4
  m_AutoUVMaxDistance: 0.5
  m_AutoUVMaxAngle: 89
  m_LightmapParameters: {fileID: 0}
  m_SortingLayerID: 0
  m_SortingLayer: 0
  m_SortingOrder: 0
--- !u!23 &2321202
MeshRenderer:
  m_ObjectHideFlags: 1
  m_PrefabParentObject: {fileID: 0}
  m_PrefabInternal: {fileID: 100100000}
  m_GameObject: {fileID: 111000}
  m_Enabled: 1
  m_CastShadows: 0
  m_ReceiveShadows: 0
  m_DynamicOccludee: 1
  m_MotionVectors: 1
  m_LightProbeUsage: 1
  m_ReflectionProbeUsage: 1
  m_Materials:
  - {fileID: 2100000, guid: 3e7eda7af39f6b44bbe3637abad47f2b, type: 2}
  m_StaticBatchInfo:
    firstSubMesh: 0
    subMeshCount: 0
  m_StaticBatchRoot: {fileID: 0}
  m_ProbeAnchor: {fileID: 0}
  m_LightProbeVolumeOverride: {fileID: 0}
  m_ScaleInLightmap: 1
  m_PreserveUVs: 0
  m_IgnoreNormalsForChartDetection: 0
  m_ImportantGI: 0
  m_StitchLightmapSeams: 0
  m_SelectedEditorRenderState: 3
  m_MinimumChartSize: 4
  m_AutoUVMaxDistance: 0.5
  m_AutoUVMaxAngle: 89
  m_LightmapParameters: {fileID: 0}
  m_SortingLayerID: 0
  m_SortingLayer: 0
  m_SortingOrder: 0
--- !u!23 &2321938
MeshRenderer:
  m_ObjectHideFlags: 1
  m_PrefabParentObject: {fileID: 0}
  m_PrefabInternal: {fileID: 100100000}
  m_GameObject: {fileID: 192946}
  m_Enabled: 1
  m_CastShadows: 0
  m_ReceiveShadows: 0
  m_DynamicOccludee: 1
  m_MotionVectors: 1
  m_LightProbeUsage: 1
  m_ReflectionProbeUsage: 1
  m_Materials:
  - {fileID: 2100000, guid: 22ce2890052f2fc429227f0e454b9a42, type: 2}
  m_StaticBatchInfo:
    firstSubMesh: 0
    subMeshCount: 0
  m_StaticBatchRoot: {fileID: 0}
  m_ProbeAnchor: {fileID: 0}
  m_LightProbeVolumeOverride: {fileID: 0}
  m_ScaleInLightmap: 1
  m_PreserveUVs: 0
  m_IgnoreNormalsForChartDetection: 0
  m_ImportantGI: 0
  m_StitchLightmapSeams: 0
  m_SelectedEditorRenderState: 3
  m_MinimumChartSize: 4
  m_AutoUVMaxDistance: 0.5
  m_AutoUVMaxAngle: 89
  m_LightmapParameters: {fileID: 0}
  m_SortingLayerID: 0
  m_SortingLayer: 0
  m_SortingOrder: 0
--- !u!23 &2322926
MeshRenderer:
  m_ObjectHideFlags: 1
  m_PrefabParentObject: {fileID: 0}
  m_PrefabInternal: {fileID: 100100000}
  m_GameObject: {fileID: 102386}
  m_Enabled: 1
  m_CastShadows: 0
  m_ReceiveShadows: 0
  m_DynamicOccludee: 1
  m_MotionVectors: 1
  m_LightProbeUsage: 1
  m_ReflectionProbeUsage: 1
  m_Materials:
  - {fileID: 2100000, guid: 22ce2890052f2fc429227f0e454b9a42, type: 2}
  m_StaticBatchInfo:
    firstSubMesh: 0
    subMeshCount: 0
  m_StaticBatchRoot: {fileID: 0}
  m_ProbeAnchor: {fileID: 0}
  m_LightProbeVolumeOverride: {fileID: 0}
  m_ScaleInLightmap: 1
  m_PreserveUVs: 0
  m_IgnoreNormalsForChartDetection: 0
  m_ImportantGI: 0
  m_StitchLightmapSeams: 0
  m_SelectedEditorRenderState: 3
  m_MinimumChartSize: 4
  m_AutoUVMaxDistance: 0.5
  m_AutoUVMaxAngle: 89
  m_LightmapParameters: {fileID: 0}
  m_SortingLayerID: 0
  m_SortingLayer: 0
  m_SortingOrder: 0
--- !u!23 &2331774
MeshRenderer:
  m_ObjectHideFlags: 1
  m_PrefabParentObject: {fileID: 0}
  m_PrefabInternal: {fileID: 100100000}
  m_GameObject: {fileID: 141494}
  m_Enabled: 1
  m_CastShadows: 3
  m_ReceiveShadows: 0
  m_DynamicOccludee: 1
  m_MotionVectors: 1
  m_LightProbeUsage: 1
  m_ReflectionProbeUsage: 1
  m_Materials:
  - {fileID: 2100000, guid: 22ce2890052f2fc429227f0e454b9a42, type: 2}
  m_StaticBatchInfo:
    firstSubMesh: 0
    subMeshCount: 0
  m_StaticBatchRoot: {fileID: 0}
  m_ProbeAnchor: {fileID: 0}
  m_LightProbeVolumeOverride: {fileID: 0}
  m_ScaleInLightmap: 1
  m_PreserveUVs: 0
  m_IgnoreNormalsForChartDetection: 0
  m_ImportantGI: 0
  m_StitchLightmapSeams: 0
  m_SelectedEditorRenderState: 3
  m_MinimumChartSize: 4
  m_AutoUVMaxDistance: 0.5
  m_AutoUVMaxAngle: 89
  m_LightmapParameters: {fileID: 0}
  m_SortingLayerID: 0
  m_SortingLayer: 0
  m_SortingOrder: 0
--- !u!23 &2345852
MeshRenderer:
  m_ObjectHideFlags: 1
  m_PrefabParentObject: {fileID: 0}
  m_PrefabInternal: {fileID: 100100000}
  m_GameObject: {fileID: 154230}
  m_Enabled: 1
  m_CastShadows: 0
  m_ReceiveShadows: 0
  m_DynamicOccludee: 1
  m_MotionVectors: 1
  m_LightProbeUsage: 1
  m_ReflectionProbeUsage: 1
  m_Materials:
  - {fileID: 2100000, guid: 35f8c245e5cfdff4d9bc2df220178d8e, type: 2}
  m_StaticBatchInfo:
    firstSubMesh: 0
    subMeshCount: 0
  m_StaticBatchRoot: {fileID: 0}
  m_ProbeAnchor: {fileID: 0}
  m_LightProbeVolumeOverride: {fileID: 0}
  m_ScaleInLightmap: 1
  m_PreserveUVs: 0
  m_IgnoreNormalsForChartDetection: 0
  m_ImportantGI: 0
  m_StitchLightmapSeams: 0
  m_SelectedEditorRenderState: 3
  m_MinimumChartSize: 4
  m_AutoUVMaxDistance: 0.5
  m_AutoUVMaxAngle: 89
  m_LightmapParameters: {fileID: 0}
  m_SortingLayerID: 0
  m_SortingLayer: 0
  m_SortingOrder: 0
--- !u!23 &2399480
MeshRenderer:
  m_ObjectHideFlags: 1
  m_PrefabParentObject: {fileID: 0}
  m_PrefabInternal: {fileID: 100100000}
  m_GameObject: {fileID: 129356}
  m_Enabled: 1
  m_CastShadows: 3
  m_ReceiveShadows: 0
  m_DynamicOccludee: 1
  m_MotionVectors: 1
  m_LightProbeUsage: 1
  m_ReflectionProbeUsage: 1
  m_Materials:
  - {fileID: 2100000, guid: 22ce2890052f2fc429227f0e454b9a42, type: 2}
  m_StaticBatchInfo:
    firstSubMesh: 0
    subMeshCount: 0
  m_StaticBatchRoot: {fileID: 0}
  m_ProbeAnchor: {fileID: 0}
  m_LightProbeVolumeOverride: {fileID: 0}
  m_ScaleInLightmap: 1
  m_PreserveUVs: 0
  m_IgnoreNormalsForChartDetection: 0
  m_ImportantGI: 0
  m_StitchLightmapSeams: 0
  m_SelectedEditorRenderState: 3
  m_MinimumChartSize: 4
  m_AutoUVMaxDistance: 0.5
  m_AutoUVMaxAngle: 89
  m_LightmapParameters: {fileID: 0}
  m_SortingLayerID: 0
  m_SortingLayer: 0
  m_SortingOrder: 0
--- !u!33 &3304980
MeshFilter:
  m_ObjectHideFlags: 1
  m_PrefabParentObject: {fileID: 0}
  m_PrefabInternal: {fileID: 100100000}
  m_GameObject: {fileID: 154230}
  m_Mesh: {fileID: 4300008, guid: 4aca6d9747d80c048aec6818a0b20378, type: 3}
--- !u!33 &3324018
MeshFilter:
  m_ObjectHideFlags: 1
  m_PrefabParentObject: {fileID: 0}
  m_PrefabInternal: {fileID: 100100000}
  m_GameObject: {fileID: 111000}
  m_Mesh: {fileID: 4300000, guid: 4aca6d9747d80c048aec6818a0b20378, type: 3}
--- !u!33 &3330906
MeshFilter:
  m_ObjectHideFlags: 1
  m_PrefabParentObject: {fileID: 0}
  m_PrefabInternal: {fileID: 100100000}
  m_GameObject: {fileID: 102386}
  m_Mesh: {fileID: 4300004, guid: bb10d2ecb56ad7149aaac2c83f062a35, type: 3}
--- !u!33 &3342620
MeshFilter:
  m_ObjectHideFlags: 1
  m_PrefabParentObject: {fileID: 0}
  m_PrefabInternal: {fileID: 100100000}
  m_GameObject: {fileID: 108164}
  m_Mesh: {fileID: 4300002, guid: 4aca6d9747d80c048aec6818a0b20378, type: 3}
--- !u!33 &3347418
MeshFilter:
  m_ObjectHideFlags: 1
  m_PrefabParentObject: {fileID: 0}
  m_PrefabInternal: {fileID: 100100000}
  m_GameObject: {fileID: 129356}
  m_Mesh: {fileID: 4300010, guid: 4aca6d9747d80c048aec6818a0b20378, type: 3}
--- !u!33 &3355810
MeshFilter:
  m_ObjectHideFlags: 1
  m_PrefabParentObject: {fileID: 0}
  m_PrefabInternal: {fileID: 100100000}
  m_GameObject: {fileID: 192946}
  m_Mesh: {fileID: 4300006, guid: bb10d2ecb56ad7149aaac2c83f062a35, type: 3}
--- !u!33 &3392076
MeshFilter:
  m_ObjectHideFlags: 1
  m_PrefabParentObject: {fileID: 0}
  m_PrefabInternal: {fileID: 100100000}
  m_GameObject: {fileID: 141494}
  m_Mesh: {fileID: 4300004, guid: 4aca6d9747d80c048aec6818a0b20378, type: 3}
--- !u!205 &20586236
LODGroup:
  m_ObjectHideFlags: 1
  m_PrefabParentObject: {fileID: 0}
  m_PrefabInternal: {fileID: 100100000}
  m_GameObject: {fileID: 146370}
  serializedVersion: 2
  m_LocalReferencePoint: {x: 0, y: 1.1056235, z: 0}
  m_Size: 2.2214165
  m_FadeMode: 0
  m_AnimateCrossFading: 0
  m_LODs:
  - screenRelativeHeight: 0.19288908
    fadeTransitionWidth: 0
    renderers:
    - renderer: {fileID: 2322926}
    - renderer: {fileID: 2321938}
    - renderer: {fileID: 23672274243543174}
    - renderer: {fileID: 23525891488217434}
    - renderer: {fileID: 0}
    - renderer: {fileID: 23584414798789902}
    - renderer: {fileID: 2331774}
    - renderer: {fileID: 2399480}
  - screenRelativeHeight: 0.08321707
    fadeTransitionWidth: 0
    renderers:
    - renderer: {fileID: 23446509304407830}
    - renderer: {fileID: 23370654201234660}
    - renderer: {fileID: 2321202}
    - renderer: {fileID: 2315344}
    - renderer: {fileID: 23584414798789902}
    - renderer: {fileID: 2331774}
    - renderer: {fileID: 2399480}
  - screenRelativeHeight: 0
    fadeTransitionWidth: 0
    renderers:
    - renderer: {fileID: 23446509304407830}
    - renderer: {fileID: 23370654201234660}
    - renderer: {fileID: 2315344}
  m_Enabled: 1
--- !u!220 &22073502
LightProbeGroup:
  m_ObjectHideFlags: 1
  m_PrefabParentObject: {fileID: 0}
  m_PrefabInternal: {fileID: 100100000}
  m_GameObject: {fileID: 146370}
  m_Enabled: 1
  m_SourcePositions:
  - {x: 0.014641288, y: 0.36318052, z: 0.051917404}
--- !u!1001 &100100000
Prefab:
  m_ObjectHideFlags: 1
  serializedVersion: 2
  m_Modification:
    m_TransformParent: {fileID: 0}
    m_Modifications:
    - target: {fileID: 0}
      propertyPath: m_StaticEditorFlags
      value: 12
      objectReference: {fileID: 0}
    - target: {fileID: 0}
      propertyPath: originalMaterial
      value: 
      objectReference: {fileID: 2100000, guid: 8e77cbbbaae6bd94da33544d0acaeffa, type: 2}
    - target: {fileID: 0}
      propertyPath: m_Materials.Array.data[0]
      value: 
      objectReference: {fileID: 2100000, guid: 22ce2890052f2fc429227f0e454b9a42, type: 2}
    - target: {fileID: 0}
      propertyPath: time
      value: .419
      objectReference: {fileID: 0}
    - target: {fileID: 0}
      propertyPath: m_Layer
      value: 10
      objectReference: {fileID: 0}
    - target: {fileID: 0}
      propertyPath: multiply
      value: 18
      objectReference: {fileID: 0}
    - target: {fileID: 0}
      propertyPath: m_Enabled
      value: 1
      objectReference: {fileID: 0}
    - target: {fileID: 0}
      propertyPath: m_CastShadows
      value: 0
      objectReference: {fileID: 0}
    - target: {fileID: 0}
      propertyPath: _color.key0.rgba
      value: 4294962922
      objectReference: {fileID: 0}
    - target: {fileID: 0}
      propertyPath: _color.key1.rgba
      value: 4294962666
      objectReference: {fileID: 0}
    - target: {fileID: 0}
      propertyPath: _color.key2.rgba
      value: 16737385
      objectReference: {fileID: 0}
    - target: {fileID: 0}
      propertyPath: _color.key3.rgba
      value: 16769933
      objectReference: {fileID: 0}
    - target: {fileID: 0}
      propertyPath: _color.key4.rgba
      value: 12451766
      objectReference: {fileID: 0}
    - target: {fileID: 0}
      propertyPath: _color.key5.rgba
      value: 1179634
      objectReference: {fileID: 0}
    - target: {fileID: 0}
      propertyPath: _color.key6.rgba
      value: 1513471
      objectReference: {fileID: 0}
    - target: {fileID: 0}
      propertyPath: _color.ctime1
      value: 65535
      objectReference: {fileID: 0}
    - target: {fileID: 0}
      propertyPath: _color.ctime2
      value: 22937
      objectReference: {fileID: 0}
    - target: {fileID: 0}
      propertyPath: _color.ctime3
      value: 34310
      objectReference: {fileID: 0}
    - target: {fileID: 0}
      propertyPath: _color.ctime4
      value: 45875
      objectReference: {fileID: 0}
    - target: {fileID: 0}
      propertyPath: _color.ctime5
      value: 53970
      objectReference: {fileID: 0}
    - target: {fileID: 0}
      propertyPath: _color.ctime6
      value: 65535
      objectReference: {fileID: 0}
    - target: {fileID: 0}
      propertyPath: _color.m_NumColorKeys
      value: 2
      objectReference: {fileID: 0}
    m_RemovedComponents: []
  m_ParentPrefab: {fileID: 0}
  m_RootGameObject: {fileID: 146370}
  m_IsPrefabParent: 1
--- !u!1 &1027172597129250
GameObject:
  m_ObjectHideFlags: 1
  m_PrefabParentObject: {fileID: 0}
  m_PrefabInternal: {fileID: 100100000}
  serializedVersion: 5
  m_Component:
  - component: {fileID: 4938967945245022}
  - component: {fileID: 33496559575776264}
  - component: {fileID: 23388579770520758}
  m_Layer: 10
  m_Name: LightBulb
  m_TagString: Untagged
  m_Icon: {fileID: 0}
  m_NavMeshLayer: 0
  m_StaticEditorFlags: 0
  m_IsActive: 0
--- !u!1 &1084872518932816
GameObject:
  m_ObjectHideFlags: 1
  m_PrefabParentObject: {fileID: 0}
  m_PrefabInternal: {fileID: 100100000}
  serializedVersion: 5
  m_Component:
  - component: {fileID: 4515890510638426}
  - component: {fileID: 33415707199262434}
  - component: {fileID: 23370654201234660}
  - component: {fileID: 114176403610642076}
  - component: {fileID: 114579263844234932}
  m_Layer: 10
  m_Name: MiddleT
  m_TagString: Untagged
  m_Icon: {fileID: 0}
  m_NavMeshLayer: 0
  m_StaticEditorFlags: 0
  m_IsActive: 1
--- !u!1 &1109410341697944
GameObject:
  m_ObjectHideFlags: 1
  m_PrefabParentObject: {fileID: 0}
  m_PrefabInternal: {fileID: 100100000}
  serializedVersion: 5
  m_Component:
  - component: {fileID: 4861185036169422}
  - component: {fileID: 33157408271124436}
  - component: {fileID: 23954403173113054}
  m_Layer: 10
  m_Name: ShadowBlob
  m_TagString: Untagged
  m_Icon: {fileID: 0}
  m_NavMeshLayer: 0
  m_StaticEditorFlags: 0
  m_IsActive: 0
--- !u!1 &1236893283738200
GameObject:
  m_ObjectHideFlags: 0
  m_PrefabParentObject: {fileID: 0}
  m_PrefabInternal: {fileID: 100100000}
  serializedVersion: 5
  m_Component:
  - component: {fileID: 4324910740642384}
  - component: {fileID: 33556193858610370}
  - component: {fileID: 23719965100168338}
  - component: {fileID: 114573401141028792}
  - component: {fileID: 114621974715876296}
  - component: {fileID: 114595917233661764}
  m_Layer: 10
  m_Name: LightBulb
  m_TagString: Light1
  m_Icon: {fileID: 0}
  m_NavMeshLayer: 0
  m_StaticEditorFlags: 12
  m_IsActive: 1
--- !u!1 &1249439583193120
GameObject:
  m_ObjectHideFlags: 1
  m_PrefabParentObject: {fileID: 0}
  m_PrefabInternal: {fileID: 100100000}
  serializedVersion: 5
  m_Component:
  - component: {fileID: 4212341607528554}
  - component: {fileID: 33466177175566912}
  - component: {fileID: 23289693173886104}
  m_Layer: 10
  m_Name: TopLights
  m_TagString: Untagged
  m_Icon: {fileID: 0}
  m_NavMeshLayer: 0
  m_StaticEditorFlags: 0
  m_IsActive: 0
--- !u!1 &1277170116761120
GameObject:
  m_ObjectHideFlags: 0
  m_PrefabParentObject: {fileID: 0}
  m_PrefabInternal: {fileID: 100100000}
  serializedVersion: 5
  m_Component:
  - component: {fileID: 4173832430098070}
  - component: {fileID: 33467324396177054}
  - component: {fileID: 23724679198918988}
  - component: {fileID: 114125943542017224}
  - component: {fileID: 114768324211651268}
  - component: {fileID: 114409063144660158}
  m_Layer: 10
  m_Name: TopLights
  m_TagString: Light1
  m_Icon: {fileID: 0}
  m_NavMeshLayer: 0
  m_StaticEditorFlags: 12
  m_IsActive: 1
--- !u!1 &1338715272506820
GameObject:
  m_ObjectHideFlags: 1
  m_PrefabParentObject: {fileID: 0}
  m_PrefabInternal: {fileID: 100100000}
  serializedVersion: 5
  m_Component:
  - component: {fileID: 4571719233263206}
  - component: {fileID: 33539159238982248}
  - component: {fileID: 23883221247563912}
  m_Layer: 10
  m_Name: TopHandle
  m_TagString: Untagged
  m_Icon: {fileID: 0}
  m_NavMeshLayer: 0
  m_StaticEditorFlags: 0
  m_IsActive: 0
--- !u!1 &1441516240669738
GameObject:
  m_ObjectHideFlags: 0
  m_PrefabParentObject: {fileID: 0}
  m_PrefabInternal: {fileID: 100100000}
  serializedVersion: 5
  m_Component:
  - component: {fileID: 4860276236126068}
  - component: {fileID: 33954537543479592}
  - component: {fileID: 23525891488217434}
  - component: {fileID: 114815140929314200}
  - component: {fileID: 114666142668818270}
  m_Layer: 10
  m_Name: TopHandle
  m_TagString: Untagged
  m_Icon: {fileID: 0}
  m_NavMeshLayer: 0
  m_StaticEditorFlags: 12
  m_IsActive: 1
--- !u!1 &1497346826741238
GameObject:
  m_ObjectHideFlags: 0
  m_PrefabParentObject: {fileID: 0}
  m_PrefabInternal: {fileID: 100100000}
  serializedVersion: 5
  m_Component:
  - component: {fileID: 4525001830109306}
  - component: {fileID: 33731395648020348}
  - component: {fileID: 23672274243543174}
  - component: {fileID: 114940555105909160}
  - component: {fileID: 114455941563244188}
  m_Layer: 10
  m_Name: MiddleT
  m_TagString: Untagged
  m_Icon: {fileID: 0}
  m_NavMeshLayer: 0
  m_StaticEditorFlags: 12
  m_IsActive: 1
--- !u!1 &1503468508779294
GameObject:
  m_ObjectHideFlags: 1
  m_PrefabParentObject: {fileID: 0}
  m_PrefabInternal: {fileID: 100100000}
  serializedVersion: 5
  m_Component:
  - component: {fileID: 4808994366043434}
  - component: {fileID: 33320921588313840}
  - component: {fileID: 23446509304407830}
  - component: {fileID: 114339890503348994}
  - component: {fileID: 114484907648215704}
  m_Layer: 10
  m_Name: BottomLegs
  m_TagString: Untagged
  m_Icon: {fileID: 0}
  m_NavMeshLayer: 0
  m_StaticEditorFlags: 0
  m_IsActive: 1
--- !u!1 &1680917782161658
GameObject:
  m_ObjectHideFlags: 0
  m_PrefabParentObject: {fileID: 0}
  m_PrefabInternal: {fileID: 100100000}
  serializedVersion: 5
  m_Component:
  - component: {fileID: 4683125601264848}
  - component: {fileID: 108923143560266020}
  - component: {fileID: 114125079792019276}
  - component: {fileID: 114147447522206522}
  m_Layer: 10
  m_Name: Area Light
  m_TagString: Untagged
  m_Icon: {fileID: 0}
  m_NavMeshLayer: 0
  m_StaticEditorFlags: 0
  m_IsActive: 1
--- !u!1 &1847466765925858
GameObject:
  m_ObjectHideFlags: 1
  m_PrefabParentObject: {fileID: 0}
  m_PrefabInternal: {fileID: 100100000}
  serializedVersion: 5
  m_Component:
  - component: {fileID: 4623895508001074}
  - component: {fileID: 33263334510836074}
  - component: {fileID: 23584414798789902}
  - component: {fileID: 114846726305586942}
  - component: {fileID: 114219242619254904}
  m_Layer: 10
  m_Name: BottomLegs
  m_TagString: Untagged
  m_Icon: {fileID: 0}
  m_NavMeshLayer: 0
  m_StaticEditorFlags: 0
  m_IsActive: 1
--- !u!4 &4173832430098070
Transform:
  m_ObjectHideFlags: 1
  m_PrefabParentObject: {fileID: 0}
  m_PrefabInternal: {fileID: 100100000}
  m_GameObject: {fileID: 1277170116761120}
  m_LocalRotation: {x: 0, y: 0, z: 0, w: 1}
  m_LocalPosition: {x: 0, y: 0.001, z: 0}
  m_LocalScale: {x: 0.01, y: 0.01, z: 0.01}
  m_Children: []
  m_Father: {fileID: 467060}
  m_RootOrder: 5
  m_LocalEulerAnglesHint: {x: 0, y: 0, z: 0}
--- !u!4 &4212341607528554
Transform:
  m_ObjectHideFlags: 1
  m_PrefabParentObject: {fileID: 0}
  m_PrefabInternal: {fileID: 100100000}
  m_GameObject: {fileID: 1249439583193120}
  m_LocalRotation: {x: 0, y: 0, z: 0, w: 1}
  m_LocalPosition: {x: 0, y: 0, z: 0}
  m_LocalScale: {x: 1, y: 1, z: 1}
  m_Children: []
  m_Father: {fileID: 415944}
  m_RootOrder: 5
  m_LocalEulerAnglesHint: {x: 0, y: 0, z: 0}
--- !u!4 &4324910740642384
Transform:
  m_ObjectHideFlags: 1
  m_PrefabParentObject: {fileID: 0}
  m_PrefabInternal: {fileID: 100100000}
  m_GameObject: {fileID: 1236893283738200}
  m_LocalRotation: {x: 0, y: 0, z: 0, w: 1}
  m_LocalPosition: {x: 0, y: 0.001, z: 0}
  m_LocalScale: {x: 0.01, y: 0.01, z: 0.01}
  m_Children: []
  m_Father: {fileID: 467060}
  m_RootOrder: 0
  m_LocalEulerAnglesHint: {x: 0, y: 0, z: 0}
--- !u!4 &4515890510638426
Transform:
  m_ObjectHideFlags: 1
  m_PrefabParentObject: {fileID: 0}
  m_PrefabInternal: {fileID: 100100000}
  m_GameObject: {fileID: 1084872518932816}
  m_LocalRotation: {x: 0, y: 0, z: 0, w: 1}
  m_LocalPosition: {x: 0, y: 0, z: 0}
  m_LocalScale: {x: 1, y: 1, z: 1}
  m_Children: []
  m_Father: {fileID: 415944}
  m_RootOrder: 2
  m_LocalEulerAnglesHint: {x: 0, y: 0, z: 0}
--- !u!4 &4525001830109306
Transform:
  m_ObjectHideFlags: 1
  m_PrefabParentObject: {fileID: 0}
  m_PrefabInternal: {fileID: 100100000}
  m_GameObject: {fileID: 1497346826741238}
  m_LocalRotation: {x: 0, y: 0, z: 0, w: 1}
  m_LocalPosition: {x: 0, y: 0.001, z: 0}
  m_LocalScale: {x: 0.01, y: 0.01, z: 0.01}
  m_Children: []
  m_Father: {fileID: 467060}
  m_RootOrder: 3
  m_LocalEulerAnglesHint: {x: 0, y: 0, z: 0}
--- !u!4 &4571719233263206
Transform:
  m_ObjectHideFlags: 1
  m_PrefabParentObject: {fileID: 0}
  m_PrefabInternal: {fileID: 100100000}
  m_GameObject: {fileID: 1338715272506820}
  m_LocalRotation: {x: 0, y: 0, z: 0, w: 1}
  m_LocalPosition: {x: 0, y: 0, z: 0}
  m_LocalScale: {x: 1, y: 1, z: 1}
  m_Children: []
  m_Father: {fileID: 485668}
  m_RootOrder: 4
  m_LocalEulerAnglesHint: {x: 0, y: 0, z: 0}
--- !u!4 &4623895508001074
Transform:
  m_ObjectHideFlags: 1
  m_PrefabParentObject: {fileID: 0}
  m_PrefabInternal: {fileID: 100100000}
  m_GameObject: {fileID: 1847466765925858}
  m_LocalRotation: {x: 0, y: 0.6259235, z: 0, w: 0.77988446}
  m_LocalPosition: {x: 0, y: 0, z: 0}
  m_LocalScale: {x: 1, y: 1, z: 1}
  m_Children: []
  m_Father: {fileID: 485668}
  m_RootOrder: 0
  m_LocalEulerAnglesHint: {x: 0, y: 0, z: 0}
--- !u!4 &4683125601264848
Transform:
  m_ObjectHideFlags: 1
  m_PrefabParentObject: {fileID: 0}
  m_PrefabInternal: {fileID: 100100000}
  m_GameObject: {fileID: 1680917782161658}
  m_LocalRotation: {x: 0.27059805, y: 0.6532815, z: 0.27059805, w: 0.6532815}
  m_LocalPosition: {x: 0.05, y: 2.02, z: 0}
  m_LocalScale: {x: 1, y: 1, z: 1}
  m_Children: []
  m_Father: {fileID: 467060}
  m_RootOrder: 8
  m_LocalEulerAnglesHint: {x: 0, y: 90, z: 45}
--- !u!4 &4808994366043434
Transform:
  m_ObjectHideFlags: 1
  m_PrefabParentObject: {fileID: 0}
  m_PrefabInternal: {fileID: 100100000}
  m_GameObject: {fileID: 1503468508779294}
  m_LocalRotation: {x: 0, y: 0.6259235, z: 0, w: 0.77988446}
  m_LocalPosition: {x: 0, y: 0, z: 0}
  m_LocalScale: {x: 1, y: 1, z: 1}
  m_Children: []
  m_Father: {fileID: 415944}
  m_RootOrder: 0
  m_LocalEulerAnglesHint: {x: 0, y: 0, z: 0}
--- !u!4 &4860276236126068
Transform:
  m_ObjectHideFlags: 1
  m_PrefabParentObject: {fileID: 0}
  m_PrefabInternal: {fileID: 100100000}
  m_GameObject: {fileID: 1441516240669738}
  m_LocalRotation: {x: 0, y: 0, z: 0, w: 1}
  m_LocalPosition: {x: 0, y: 0.001, z: 0}
  m_LocalScale: {x: 0.01, y: 0.01, z: 0.01}
  m_Children: []
  m_Father: {fileID: 467060}
  m_RootOrder: 4
  m_LocalEulerAnglesHint: {x: 0, y: 0, z: 0}
--- !u!4 &4861185036169422
Transform:
  m_ObjectHideFlags: 1
  m_PrefabParentObject: {fileID: 0}
  m_PrefabInternal: {fileID: 100100000}
  m_GameObject: {fileID: 1109410341697944}
  m_LocalRotation: {x: 0, y: 0, z: 0, w: 1}
  m_LocalPosition: {x: 0, y: 0, z: 0}
  m_LocalScale: {x: 100, y: 100, z: 100}
  m_Children: []
  m_Father: {fileID: 485668}
  m_RootOrder: 3
  m_LocalEulerAnglesHint: {x: 0, y: 0, z: 0}
--- !u!4 &4938967945245022
Transform:
  m_ObjectHideFlags: 1
  m_PrefabParentObject: {fileID: 0}
  m_PrefabInternal: {fileID: 100100000}
  m_GameObject: {fileID: 1027172597129250}
  m_LocalRotation: {x: 0, y: 0, z: 0, w: 1}
  m_LocalPosition: {x: 0, y: 0, z: 0}
  m_LocalScale: {x: 1, y: 1, z: 1}
  m_Children: []
  m_Father: {fileID: 485668}
  m_RootOrder: 1
  m_LocalEulerAnglesHint: {x: 0, y: 0, z: 0}
--- !u!23 &23289693173886104
MeshRenderer:
  m_ObjectHideFlags: 1
  m_PrefabParentObject: {fileID: 0}
  m_PrefabInternal: {fileID: 100100000}
  m_GameObject: {fileID: 1249439583193120}
  m_Enabled: 1
  m_CastShadows: 0
  m_ReceiveShadows: 0
  m_DynamicOccludee: 1
  m_MotionVectors: 1
  m_LightProbeUsage: 1
  m_ReflectionProbeUsage: 1
  m_Materials:
  - {fileID: 2100000, guid: 22ce2890052f2fc429227f0e454b9a42, type: 2}
  m_StaticBatchInfo:
    firstSubMesh: 0
    subMeshCount: 0
  m_StaticBatchRoot: {fileID: 0}
  m_ProbeAnchor: {fileID: 0}
  m_LightProbeVolumeOverride: {fileID: 0}
  m_ScaleInLightmap: 1
  m_PreserveUVs: 0
  m_IgnoreNormalsForChartDetection: 0
  m_ImportantGI: 0
  m_StitchLightmapSeams: 0
  m_SelectedEditorRenderState: 3
  m_MinimumChartSize: 4
  m_AutoUVMaxDistance: 0.5
  m_AutoUVMaxAngle: 89
  m_LightmapParameters: {fileID: 0}
  m_SortingLayerID: 0
  m_SortingLayer: 0
  m_SortingOrder: 0
--- !u!23 &23370654201234660
MeshRenderer:
  m_ObjectHideFlags: 1
  m_PrefabParentObject: {fileID: 0}
  m_PrefabInternal: {fileID: 100100000}
  m_GameObject: {fileID: 1084872518932816}
  m_Enabled: 1
  m_CastShadows: 0
  m_ReceiveShadows: 0
  m_DynamicOccludee: 1
  m_MotionVectors: 1
  m_LightProbeUsage: 1
  m_ReflectionProbeUsage: 1
  m_Materials:
  - {fileID: 2100000, guid: 22ce2890052f2fc429227f0e454b9a42, type: 2}
  m_StaticBatchInfo:
    firstSubMesh: 0
    subMeshCount: 0
  m_StaticBatchRoot: {fileID: 0}
  m_ProbeAnchor: {fileID: 0}
  m_LightProbeVolumeOverride: {fileID: 0}
  m_ScaleInLightmap: 1
  m_PreserveUVs: 0
  m_IgnoreNormalsForChartDetection: 0
  m_ImportantGI: 0
  m_StitchLightmapSeams: 0
  m_SelectedEditorRenderState: 3
  m_MinimumChartSize: 4
  m_AutoUVMaxDistance: 0.5
  m_AutoUVMaxAngle: 89
  m_LightmapParameters: {fileID: 0}
  m_SortingLayerID: 0
  m_SortingLayer: 0
  m_SortingOrder: 0
--- !u!23 &23388579770520758
MeshRenderer:
  m_ObjectHideFlags: 1
  m_PrefabParentObject: {fileID: 0}
  m_PrefabInternal: {fileID: 100100000}
  m_GameObject: {fileID: 1027172597129250}
  m_Enabled: 1
  m_CastShadows: 3
  m_ReceiveShadows: 0
  m_DynamicOccludee: 1
  m_MotionVectors: 1
  m_LightProbeUsage: 1
  m_ReflectionProbeUsage: 1
  m_Materials:
  - {fileID: 2100000, guid: 35f8c245e5cfdff4d9bc2df220178d8e, type: 2}
  m_StaticBatchInfo:
    firstSubMesh: 0
    subMeshCount: 0
  m_StaticBatchRoot: {fileID: 0}
  m_ProbeAnchor: {fileID: 0}
  m_LightProbeVolumeOverride: {fileID: 0}
  m_ScaleInLightmap: 1
  m_PreserveUVs: 0
  m_IgnoreNormalsForChartDetection: 0
  m_ImportantGI: 0
  m_StitchLightmapSeams: 0
  m_SelectedEditorRenderState: 3
  m_MinimumChartSize: 4
  m_AutoUVMaxDistance: 0.5
  m_AutoUVMaxAngle: 89
  m_LightmapParameters: {fileID: 0}
  m_SortingLayerID: 0
  m_SortingLayer: 0
  m_SortingOrder: 0
--- !u!23 &23446509304407830
MeshRenderer:
  m_ObjectHideFlags: 1
  m_PrefabParentObject: {fileID: 0}
  m_PrefabInternal: {fileID: 100100000}
  m_GameObject: {fileID: 1503468508779294}
  m_Enabled: 1
  m_CastShadows: 0
  m_ReceiveShadows: 0
  m_DynamicOccludee: 1
  m_MotionVectors: 1
  m_LightProbeUsage: 1
  m_ReflectionProbeUsage: 1
  m_Materials:
  - {fileID: 2100000, guid: 22ce2890052f2fc429227f0e454b9a42, type: 2}
  m_StaticBatchInfo:
    firstSubMesh: 0
    subMeshCount: 0
  m_StaticBatchRoot: {fileID: 0}
  m_ProbeAnchor: {fileID: 0}
  m_LightProbeVolumeOverride: {fileID: 0}
  m_ScaleInLightmap: 1
  m_PreserveUVs: 0
  m_IgnoreNormalsForChartDetection: 0
  m_ImportantGI: 0
  m_StitchLightmapSeams: 0
  m_SelectedEditorRenderState: 3
  m_MinimumChartSize: 4
  m_AutoUVMaxDistance: 0.5
  m_AutoUVMaxAngle: 89
  m_LightmapParameters: {fileID: 0}
  m_SortingLayerID: 0
  m_SortingLayer: 0
  m_SortingOrder: 0
--- !u!23 &23525891488217434
MeshRenderer:
  m_ObjectHideFlags: 1
  m_PrefabParentObject: {fileID: 0}
  m_PrefabInternal: {fileID: 100100000}
  m_GameObject: {fileID: 1441516240669738}
  m_Enabled: 1
  m_CastShadows: 0
  m_ReceiveShadows: 0
  m_DynamicOccludee: 1
  m_MotionVectors: 1
  m_LightProbeUsage: 1
  m_ReflectionProbeUsage: 1
  m_Materials:
  - {fileID: 2100000, guid: 22ce2890052f2fc429227f0e454b9a42, type: 2}
  m_StaticBatchInfo:
    firstSubMesh: 0
    subMeshCount: 0
  m_StaticBatchRoot: {fileID: 0}
  m_ProbeAnchor: {fileID: 0}
  m_LightProbeVolumeOverride: {fileID: 0}
  m_ScaleInLightmap: 1
  m_PreserveUVs: 0
  m_IgnoreNormalsForChartDetection: 0
  m_ImportantGI: 0
  m_StitchLightmapSeams: 0
  m_SelectedEditorRenderState: 3
  m_MinimumChartSize: 4
  m_AutoUVMaxDistance: 0.5
  m_AutoUVMaxAngle: 89
  m_LightmapParameters: {fileID: 0}
  m_SortingLayerID: 0
  m_SortingLayer: 0
  m_SortingOrder: 0
--- !u!23 &23584414798789902
MeshRenderer:
  m_ObjectHideFlags: 1
  m_PrefabParentObject: {fileID: 0}
  m_PrefabInternal: {fileID: 100100000}
  m_GameObject: {fileID: 1847466765925858}
  m_Enabled: 1
  m_CastShadows: 3
  m_ReceiveShadows: 0
  m_DynamicOccludee: 1
  m_MotionVectors: 1
  m_LightProbeUsage: 1
  m_ReflectionProbeUsage: 1
  m_Materials:
  - {fileID: 2100000, guid: 22ce2890052f2fc429227f0e454b9a42, type: 2}
  m_StaticBatchInfo:
    firstSubMesh: 0
    subMeshCount: 0
  m_StaticBatchRoot: {fileID: 0}
  m_ProbeAnchor: {fileID: 0}
  m_LightProbeVolumeOverride: {fileID: 0}
  m_ScaleInLightmap: 1
  m_PreserveUVs: 0
  m_IgnoreNormalsForChartDetection: 0
  m_ImportantGI: 0
  m_StitchLightmapSeams: 0
  m_SelectedEditorRenderState: 3
  m_MinimumChartSize: 4
  m_AutoUVMaxDistance: 0.5
  m_AutoUVMaxAngle: 89
  m_LightmapParameters: {fileID: 0}
  m_SortingLayerID: 0
  m_SortingLayer: 0
  m_SortingOrder: 0
--- !u!23 &23672274243543174
MeshRenderer:
  m_ObjectHideFlags: 1
  m_PrefabParentObject: {fileID: 0}
  m_PrefabInternal: {fileID: 100100000}
  m_GameObject: {fileID: 1497346826741238}
  m_Enabled: 1
  m_CastShadows: 0
  m_ReceiveShadows: 0
  m_DynamicOccludee: 1
  m_MotionVectors: 1
  m_LightProbeUsage: 1
  m_ReflectionProbeUsage: 1
  m_Materials:
  - {fileID: 2100000, guid: 22ce2890052f2fc429227f0e454b9a42, type: 2}
  m_StaticBatchInfo:
    firstSubMesh: 0
    subMeshCount: 0
  m_StaticBatchRoot: {fileID: 0}
  m_ProbeAnchor: {fileID: 0}
  m_LightProbeVolumeOverride: {fileID: 0}
  m_ScaleInLightmap: 1
  m_PreserveUVs: 0
  m_IgnoreNormalsForChartDetection: 0
  m_ImportantGI: 0
  m_StitchLightmapSeams: 0
  m_SelectedEditorRenderState: 3
  m_MinimumChartSize: 4
  m_AutoUVMaxDistance: 0.5
  m_AutoUVMaxAngle: 89
  m_LightmapParameters: {fileID: 0}
  m_SortingLayerID: 0
  m_SortingLayer: 0
  m_SortingOrder: 0
--- !u!23 &23719965100168338
MeshRenderer:
  m_ObjectHideFlags: 1
  m_PrefabParentObject: {fileID: 0}
  m_PrefabInternal: {fileID: 100100000}
  m_GameObject: {fileID: 1236893283738200}
  m_Enabled: 1
  m_CastShadows: 0
  m_ReceiveShadows: 0
  m_DynamicOccludee: 1
  m_MotionVectors: 1
  m_LightProbeUsage: 1
  m_ReflectionProbeUsage: 1
  m_Materials:
  - {fileID: 2100000, guid: 8e77cbbbaae6bd94da33544d0acaeffa, type: 2}
  m_StaticBatchInfo:
    firstSubMesh: 0
    subMeshCount: 0
  m_StaticBatchRoot: {fileID: 0}
  m_ProbeAnchor: {fileID: 0}
  m_LightProbeVolumeOverride: {fileID: 0}
  m_ScaleInLightmap: 1
  m_PreserveUVs: 0
  m_IgnoreNormalsForChartDetection: 0
  m_ImportantGI: 0
  m_StitchLightmapSeams: 0
  m_SelectedEditorRenderState: 3
  m_MinimumChartSize: 4
  m_AutoUVMaxDistance: 0.5
  m_AutoUVMaxAngle: 89
  m_LightmapParameters: {fileID: 0}
  m_SortingLayerID: 0
  m_SortingLayer: 0
  m_SortingOrder: 0
--- !u!23 &23724679198918988
MeshRenderer:
  m_ObjectHideFlags: 1
  m_PrefabParentObject: {fileID: 0}
  m_PrefabInternal: {fileID: 100100000}
  m_GameObject: {fileID: 1277170116761120}
  m_Enabled: 1
  m_CastShadows: 0
  m_ReceiveShadows: 0
  m_DynamicOccludee: 1
  m_MotionVectors: 1
  m_LightProbeUsage: 1
  m_ReflectionProbeUsage: 1
  m_Materials:
  - {fileID: 2100000, guid: 22ce2890052f2fc429227f0e454b9a42, type: 2}
  m_StaticBatchInfo:
    firstSubMesh: 0
    subMeshCount: 0
  m_StaticBatchRoot: {fileID: 0}
  m_ProbeAnchor: {fileID: 0}
  m_LightProbeVolumeOverride: {fileID: 0}
  m_ScaleInLightmap: 1
  m_PreserveUVs: 0
  m_IgnoreNormalsForChartDetection: 0
  m_ImportantGI: 0
  m_StitchLightmapSeams: 0
  m_SelectedEditorRenderState: 3
  m_MinimumChartSize: 4
  m_AutoUVMaxDistance: 0.5
  m_AutoUVMaxAngle: 89
  m_LightmapParameters: {fileID: 0}
  m_SortingLayerID: 0
  m_SortingLayer: 0
  m_SortingOrder: 0
--- !u!23 &23883221247563912
MeshRenderer:
  m_ObjectHideFlags: 1
  m_PrefabParentObject: {fileID: 0}
  m_PrefabInternal: {fileID: 100100000}
  m_GameObject: {fileID: 1338715272506820}
  m_Enabled: 1
  m_CastShadows: 3
  m_ReceiveShadows: 0
  m_DynamicOccludee: 1
  m_MotionVectors: 1
  m_LightProbeUsage: 1
  m_ReflectionProbeUsage: 1
  m_Materials:
  - {fileID: 2100000, guid: 22ce2890052f2fc429227f0e454b9a42, type: 2}
  m_StaticBatchInfo:
    firstSubMesh: 0
    subMeshCount: 0
  m_StaticBatchRoot: {fileID: 0}
  m_ProbeAnchor: {fileID: 0}
  m_LightProbeVolumeOverride: {fileID: 0}
  m_ScaleInLightmap: 1
  m_PreserveUVs: 0
  m_IgnoreNormalsForChartDetection: 0
  m_ImportantGI: 0
  m_StitchLightmapSeams: 0
  m_SelectedEditorRenderState: 3
  m_MinimumChartSize: 4
  m_AutoUVMaxDistance: 0.5
  m_AutoUVMaxAngle: 89
  m_LightmapParameters: {fileID: 0}
  m_SortingLayerID: 0
  m_SortingLayer: 0
  m_SortingOrder: 0
--- !u!23 &23954403173113054
MeshRenderer:
  m_ObjectHideFlags: 1
  m_PrefabParentObject: {fileID: 0}
  m_PrefabInternal: {fileID: 100100000}
  m_GameObject: {fileID: 1109410341697944}
  m_Enabled: 1
  m_CastShadows: 3
  m_ReceiveShadows: 0
  m_DynamicOccludee: 1
  m_MotionVectors: 1
  m_LightProbeUsage: 1
  m_ReflectionProbeUsage: 1
  m_Materials:
  - {fileID: 2100000, guid: 3e7eda7af39f6b44bbe3637abad47f2b, type: 2}
  m_StaticBatchInfo:
    firstSubMesh: 0
    subMeshCount: 0
  m_StaticBatchRoot: {fileID: 0}
  m_ProbeAnchor: {fileID: 0}
  m_LightProbeVolumeOverride: {fileID: 0}
  m_ScaleInLightmap: 1
  m_PreserveUVs: 0
  m_IgnoreNormalsForChartDetection: 0
  m_ImportantGI: 0
  m_StitchLightmapSeams: 0
  m_SelectedEditorRenderState: 3
  m_MinimumChartSize: 4
  m_AutoUVMaxDistance: 0.5
  m_AutoUVMaxAngle: 89
  m_LightmapParameters: {fileID: 0}
  m_SortingLayerID: 0
  m_SortingLayer: 0
  m_SortingOrder: 0
--- !u!33 &33157408271124436
MeshFilter:
  m_ObjectHideFlags: 1
  m_PrefabParentObject: {fileID: 0}
  m_PrefabInternal: {fileID: 100100000}
  m_GameObject: {fileID: 1109410341697944}
  m_Mesh: {fileID: 4300000, guid: 4aca6d9747d80c048aec6818a0b20378, type: 3}
--- !u!33 &33263334510836074
MeshFilter:
  m_ObjectHideFlags: 1
  m_PrefabParentObject: {fileID: 0}
  m_PrefabInternal: {fileID: 100100000}
  m_GameObject: {fileID: 1847466765925858}
  m_Mesh: {fileID: 4300006, guid: 4aca6d9747d80c048aec6818a0b20378, type: 3}
--- !u!33 &33320921588313840
MeshFilter:
  m_ObjectHideFlags: 1
  m_PrefabParentObject: {fileID: 0}
  m_PrefabInternal: {fileID: 100100000}
  m_GameObject: {fileID: 1503468508779294}
  m_Mesh: {fileID: 4300006, guid: 4aca6d9747d80c048aec6818a0b20378, type: 3}
--- !u!33 &33415707199262434
MeshFilter:
  m_ObjectHideFlags: 1
  m_PrefabParentObject: {fileID: 0}
  m_PrefabInternal: {fileID: 100100000}
  m_GameObject: {fileID: 1084872518932816}
  m_Mesh: {fileID: 4300004, guid: 4aca6d9747d80c048aec6818a0b20378, type: 3}
--- !u!33 &33466177175566912
MeshFilter:
  m_ObjectHideFlags: 1
  m_PrefabParentObject: {fileID: 0}
  m_PrefabInternal: {fileID: 100100000}
  m_GameObject: {fileID: 1249439583193120}
  m_Mesh: {fileID: 4300010, guid: 4aca6d9747d80c048aec6818a0b20378, type: 3}
--- !u!33 &33467324396177054
MeshFilter:
  m_ObjectHideFlags: 1
  m_PrefabParentObject: {fileID: 0}
  m_PrefabInternal: {fileID: 100100000}
  m_GameObject: {fileID: 1277170116761120}
  m_Mesh: {fileID: 4300010, guid: bb10d2ecb56ad7149aaac2c83f062a35, type: 3}
--- !u!33 &33496559575776264
MeshFilter:
  m_ObjectHideFlags: 1
  m_PrefabParentObject: {fileID: 0}
  m_PrefabInternal: {fileID: 100100000}
  m_GameObject: {fileID: 1027172597129250}
  m_Mesh: {fileID: 4300008, guid: 4aca6d9747d80c048aec6818a0b20378, type: 3}
--- !u!33 &33539159238982248
MeshFilter:
  m_ObjectHideFlags: 1
  m_PrefabParentObject: {fileID: 0}
  m_PrefabInternal: {fileID: 100100000}
  m_GameObject: {fileID: 1338715272506820}
  m_Mesh: {fileID: 4300002, guid: 4aca6d9747d80c048aec6818a0b20378, type: 3}
--- !u!33 &33556193858610370
MeshFilter:
  m_ObjectHideFlags: 1
  m_PrefabParentObject: {fileID: 0}
  m_PrefabInternal: {fileID: 100100000}
  m_GameObject: {fileID: 1236893283738200}
  m_Mesh: {fileID: 4300008, guid: bb10d2ecb56ad7149aaac2c83f062a35, type: 3}
--- !u!33 &33731395648020348
MeshFilter:
  m_ObjectHideFlags: 1
  m_PrefabParentObject: {fileID: 0}
  m_PrefabInternal: {fileID: 100100000}
  m_GameObject: {fileID: 1497346826741238}
  m_Mesh: {fileID: 4300002, guid: bb10d2ecb56ad7149aaac2c83f062a35, type: 3}
--- !u!33 &33954537543479592
MeshFilter:
  m_ObjectHideFlags: 1
  m_PrefabParentObject: {fileID: 0}
  m_PrefabInternal: {fileID: 100100000}
  m_GameObject: {fileID: 1441516240669738}
  m_Mesh: {fileID: 4300000, guid: bb10d2ecb56ad7149aaac2c83f062a35, type: 3}
--- !u!108 &108923143560266020
Light:
  m_ObjectHideFlags: 1
  m_PrefabParentObject: {fileID: 0}
  m_PrefabInternal: {fileID: 100100000}
  m_GameObject: {fileID: 1680917782161658}
  m_Enabled: 1
  serializedVersion: 8
  m_Type: 3
  m_Color: {r: 0, g: 0, b: 0, a: 1}
  m_Intensity: 1
  m_Range: 10
  m_SpotAngle: 30
  m_CookieSize: 10
  m_Shadows:
    m_Type: 0
    m_Resolution: -1
    m_CustomResolution: -1
    m_Strength: 1
    m_Bias: 0.05
    m_NormalBias: 0.4
    m_NearPlane: 0.2
  m_Cookie: {fileID: 0}
  m_DrawHalo: 0
  m_Flare: {fileID: 0}
  m_RenderMode: 0
  m_CullingMask:
    serializedVersion: 2
    m_Bits: 4294967295
  m_Lightmapping: 2
  m_AreaSize: {x: 0.5, y: 0.5}
  m_BounceIntensity: 0.01
  m_ColorTemperature: 6570
  m_UseColorTemperature: 0
  m_ShadowRadius: 0
  m_ShadowAngle: 0
--- !u!114 &114070714363984976
MonoBehaviour:
  m_ObjectHideFlags: 1
  m_PrefabParentObject: {fileID: 0}
  m_PrefabInternal: {fileID: 100100000}
  m_GameObject: {fileID: 129356}
  m_Enabled: 1
  m_EditorHideFlags: 0
  m_Script: {fileID: 1240533556, guid: f654ca2983870b74ea8b9a258e509846, type: 3}
  m_Name: 
  m_EditorClassIdentifier: 
  Instance: {fileID: 0}
  RenderLayerIDToSave: {fileID: 0}
  GeneralVisibilityToSave: {fileID: 0}
  CameraVisibilityToSave: {fileID: 0}
  ShadowVisibilityToSave: {fileID: 0}
  RandomColorSeedToSave: {fileID: 0}
  ColorToSave: {fileID: 0}
  BakingGroupIDToSave: {fileID: 0}
  BakingUvScaleToSave: {fileID: 0}
  BakingUvRotationToSave: {fileID: 0}
  BakingUvTranslationToSave: {fileID: 0}
--- !u!114 &114125079792019276
MonoBehaviour:
  m_ObjectHideFlags: 1
  m_PrefabParentObject: {fileID: 0}
  m_PrefabInternal: {fileID: 100100000}
  m_GameObject: {fileID: 1680917782161658}
  m_Enabled: 1
  m_EditorHideFlags: 0
  m_Script: {fileID: -1278561527, guid: f654ca2983870b74ea8b9a258e509846, type: 3}
  m_Name: 
  m_EditorClassIdentifier: 
  Attached: 1
--- !u!114 &114125943542017224
MonoBehaviour:
  m_ObjectHideFlags: 1
  m_PrefabParentObject: {fileID: 0}
  m_PrefabInternal: {fileID: 100100000}
  m_GameObject: {fileID: 1277170116761120}
  m_Enabled: 1
  m_EditorHideFlags: 0
  m_Script: {fileID: 0}
  m_Name: 
  m_EditorClassIdentifier: 
--- !u!114 &114147447522206522
MonoBehaviour:
  m_ObjectHideFlags: 1
  m_PrefabParentObject: {fileID: 0}
  m_PrefabInternal: {fileID: 100100000}
  m_GameObject: {fileID: 1680917782161658}
  m_Enabled: 1
  m_EditorHideFlags: 0
  m_Script: {fileID: 1519880527, guid: f654ca2983870b74ea8b9a258e509846, type: 3}
  m_Name: 
  m_EditorClassIdentifier: 
  AutoNodeData:
  - fullNameAndType: Diffuse materialNT_MAT_DIFFUSE10
    pinIx: 10
    data: 0e4f6374616e6553657474696e677301000000360000000c0000000500000015656666696369656e6379206f72207465787475726500000000fec1353f9a7d503f3c3c7c3f0000803f0200000005706f776572010000000000c8410100000011737572666163654272696768746e65737300010000000b646f75626c65536964656400050000000c646973747269627574696f6e010000000000803f020000000d73616d706c696e675f72617465010000000000803f030000000b6c696768745061737349640100000001000000010000000c696c6c756d696e6174696f6e01010000001176697369626c654f6e53706563756c61720001000000137472616e73706172656e74456d697373696f6e01010000000b63617374536861646f7773000000000000
  - fullNameAndType: Diffuse materialNT_MAT_DIFFUSE4294967295
    pinIx: 4294967295
    data: 0e4f6374616e6553657474696e677301000000110000000c000000050000000764696666757365000000000000000000000000000000000000803f0500000009726f7567686e6573730100000000000000050000000462756d70020000000005000000066e6f726d616c0200000000000000000005000000076f70616369747901000000000000000100000006736d6f6f746801020000000d6564676573526f756e64696e670100000000000000050000000c7472616e736d697373696f6e02000000000000000000000000000001000000056d6174746500
  - fullNameAndType: 3D transformationNT_TRANSFORM_3D4294967295
    pinIx: 4294967295
    data: 0e4f6374616e6553657474696e6773010000001b00000004000000040000000d726f746174696f6e4f72646572020000000200000008726f746174696f6e0300000000000000000000000000000002000000057363616c65030000000000803f0000803f0000803f020000000b7472616e736c6174696f6e03000000000000000000000000000000
  - fullNameAndType: EmissionNT_EMIS_TEXTURE4294967295
    pinIx: 4294967295
    data: 0e4f6374616e6553657474696e677301000000360000000c0000000500000015656666696369656e6379206f72207465787475726500000000fec1353f9a7d503f3c3c7c3f0000803f0200000005706f776572010000000000c8410100000011737572666163654272696768746e65737300010000000b646f75626c65536964656400050000000c646973747269627574696f6e010000000000803f020000000d73616d706c696e675f72617465010000000000803f030000000b6c696768745061737349640100000001000000010000000c696c6c756d696e6174696f6e01010000001176697369626c654f6e53706563756c61720001000000137472616e73706172656e74456d697373696f6e01010000000b63617374536861646f7773000000000000
  - fullNameAndType: Object layerNT_OBJECTLAYER4294967295
    pinIx: 4294967295
    data: 0e4f6374616e6553657474696e677301000000410000000800000003000000076c6179657249640100000001000000020000001267656e6572616c5f7669736962696c697479010000000000803f010000001163616d6572615f7669736962696c697479000100000011736861646f775f7669736962696c69747900030000000a72616e646f6d536565640100000000000000030000000b6f626a656374436f6c6f7203000000000000000000000000000000030000000d62616b696e6747726f75704964010000009007000006000000097472616e73666f726d0000000000000000000000000000000000000000000000000000000000c0ff3f0000000000000000000000000000000000000000000000000000000000c0ff3f0000000000000000
  mVisible: 0
  mLightSize: 1
  mGUIFoldout: 1
  mMeshOverride: {fileID: 0}
--- !u!114 &114159823010277028
MonoBehaviour:
  m_ObjectHideFlags: 1
  m_PrefabParentObject: {fileID: 0}
  m_PrefabInternal: {fileID: 100100000}
  m_GameObject: {fileID: 141494}
  m_Enabled: 1
  m_EditorHideFlags: 0
  m_Script: {fileID: 1240533556, guid: f654ca2983870b74ea8b9a258e509846, type: 3}
  m_Name: 
  m_EditorClassIdentifier: 
  Instance: {fileID: 0}
  RenderLayerIDToSave: {fileID: 0}
  GeneralVisibilityToSave: {fileID: 0}
  CameraVisibilityToSave: {fileID: 0}
  ShadowVisibilityToSave: {fileID: 0}
  RandomColorSeedToSave: {fileID: 0}
  ColorToSave: {fileID: 0}
  BakingGroupIDToSave: {fileID: 0}
  BakingUvScaleToSave: {fileID: 0}
  BakingUvRotationToSave: {fileID: 0}
  BakingUvTranslationToSave: {fileID: 0}
--- !u!114 &114176403610642076
MonoBehaviour:
  m_ObjectHideFlags: 1
  m_PrefabParentObject: {fileID: 0}
  m_PrefabInternal: {fileID: 100100000}
  m_GameObject: {fileID: 1084872518932816}
  m_Enabled: 1
  m_EditorHideFlags: 0
  m_Script: {fileID: -1278561527, guid: f654ca2983870b74ea8b9a258e509846, type: 3}
  m_Name: 
  m_EditorClassIdentifier: 
  Attached: 1
--- !u!114 &114219242619254904
MonoBehaviour:
  m_ObjectHideFlags: 1
  m_PrefabParentObject: {fileID: 0}
  m_PrefabInternal: {fileID: 100100000}
  m_GameObject: {fileID: 1847466765925858}
  m_Enabled: 1
  m_EditorHideFlags: 0
  m_Script: {fileID: 1240533556, guid: f654ca2983870b74ea8b9a258e509846, type: 3}
  m_Name: 
  m_EditorClassIdentifier: 
  Instance: {fileID: 0}
  RenderLayerIDToSave: {fileID: 0}
  GeneralVisibilityToSave: {fileID: 0}
  CameraVisibilityToSave: {fileID: 0}
  ShadowVisibilityToSave: {fileID: 0}
  RandomColorSeedToSave: {fileID: 0}
  ColorToSave: {fileID: 0}
  BakingGroupIDToSave: {fileID: 0}
  BakingUvScaleToSave: {fileID: 0}
  BakingUvRotationToSave: {fileID: 0}
  BakingUvTranslationToSave: {fileID: 0}
--- !u!114 &114237738871807936
MonoBehaviour:
  m_ObjectHideFlags: 1
  m_PrefabParentObject: {fileID: 0}
  m_PrefabInternal: {fileID: 100100000}
  m_GameObject: {fileID: 168556}
  m_Enabled: 1
  m_EditorHideFlags: 0
  m_Script: {fileID: -1278561527, guid: f654ca2983870b74ea8b9a258e509846, type: 3}
  m_Name: 
  m_EditorClassIdentifier: 
  Attached: 1
--- !u!114 &114313382823885402
MonoBehaviour:
  m_ObjectHideFlags: 1
  m_PrefabParentObject: {fileID: 0}
  m_PrefabInternal: {fileID: 100100000}
  m_GameObject: {fileID: 190188}
  m_Enabled: 1
  m_EditorHideFlags: 0
  m_Script: {fileID: -1278561527, guid: f654ca2983870b74ea8b9a258e509846, type: 3}
  m_Name: 
  m_EditorClassIdentifier: 
  Attached: 1
--- !u!114 &114313853577018892
MonoBehaviour:
  m_ObjectHideFlags: 1
  m_PrefabParentObject: {fileID: 0}
  m_PrefabInternal: {fileID: 100100000}
  m_GameObject: {fileID: 102386}
  m_Enabled: 1
  m_EditorHideFlags: 0
  m_Script: {fileID: -1278561527, guid: f654ca2983870b74ea8b9a258e509846, type: 3}
  m_Name: 
  m_EditorClassIdentifier: 
  Attached: 1
--- !u!114 &114339890503348994
MonoBehaviour:
  m_ObjectHideFlags: 1
  m_PrefabParentObject: {fileID: 0}
  m_PrefabInternal: {fileID: 100100000}
  m_GameObject: {fileID: 1503468508779294}
  m_Enabled: 1
  m_EditorHideFlags: 0
  m_Script: {fileID: -1278561527, guid: f654ca2983870b74ea8b9a258e509846, type: 3}
  m_Name: 
  m_EditorClassIdentifier: 
  Attached: 1
--- !u!114 &114409063144660158
MonoBehaviour:
  m_ObjectHideFlags: 1
  m_PrefabParentObject: {fileID: 0}
  m_PrefabInternal: {fileID: 100100000}
  m_GameObject: {fileID: 1277170116761120}
  m_Enabled: 1
  m_EditorHideFlags: 0
  m_Script: {fileID: 1240533556, guid: f654ca2983870b74ea8b9a258e509846, type: 3}
  m_Name: 
  m_EditorClassIdentifier: 
  Instance: {fileID: 0}
  RenderLayerIDToSave: {fileID: 0}
  GeneralVisibilityToSave: {fileID: 0}
  CameraVisibilityToSave: {fileID: 0}
  ShadowVisibilityToSave: {fileID: 0}
  RandomColorSeedToSave: {fileID: 0}
  ColorToSave: {fileID: 0}
  BakingGroupIDToSave: {fileID: 0}
  BakingUvScaleToSave: {fileID: 0}
  BakingUvRotationToSave: {fileID: 0}
  BakingUvTranslationToSave: {fileID: 0}
--- !u!114 &114443382424317606
MonoBehaviour:
  m_ObjectHideFlags: 1
  m_PrefabParentObject: {fileID: 0}
  m_PrefabInternal: {fileID: 100100000}
  m_GameObject: {fileID: 102386}
  m_Enabled: 1
  m_EditorHideFlags: 0
  m_Script: {fileID: 1240533556, guid: f654ca2983870b74ea8b9a258e509846, type: 3}
  m_Name: 
  m_EditorClassIdentifier: 
  Instance: {fileID: 0}
  RenderLayerIDToSave: {fileID: 0}
  GeneralVisibilityToSave: {fileID: 0}
  CameraVisibilityToSave: {fileID: 0}
  ShadowVisibilityToSave: {fileID: 0}
  RandomColorSeedToSave: {fileID: 0}
  ColorToSave: {fileID: 0}
  BakingGroupIDToSave: {fileID: 0}
  BakingUvScaleToSave: {fileID: 0}
  BakingUvRotationToSave: {fileID: 0}
  BakingUvTranslationToSave: {fileID: 0}
--- !u!114 &114455941563244188
MonoBehaviour:
  m_ObjectHideFlags: 1
  m_PrefabParentObject: {fileID: 0}
  m_PrefabInternal: {fileID: 100100000}
  m_GameObject: {fileID: 1497346826741238}
  m_Enabled: 1
  m_EditorHideFlags: 0
  m_Script: {fileID: 1240533556, guid: f654ca2983870b74ea8b9a258e509846, type: 3}
  m_Name: 
  m_EditorClassIdentifier: 
  Instance: {fileID: 0}
  RenderLayerIDToSave: {fileID: 0}
  GeneralVisibilityToSave: {fileID: 0}
  CameraVisibilityToSave: {fileID: 0}
  ShadowVisibilityToSave: {fileID: 0}
  RandomColorSeedToSave: {fileID: 0}
  ColorToSave: {fileID: 0}
  BakingGroupIDToSave: {fileID: 0}
  BakingUvScaleToSave: {fileID: 0}
  BakingUvRotationToSave: {fileID: 0}
  BakingUvTranslationToSave: {fileID: 0}
--- !u!114 &114484907648215704
MonoBehaviour:
  m_ObjectHideFlags: 1
  m_PrefabParentObject: {fileID: 0}
  m_PrefabInternal: {fileID: 100100000}
  m_GameObject: {fileID: 1503468508779294}
  m_Enabled: 1
  m_EditorHideFlags: 0
  m_Script: {fileID: 1240533556, guid: f654ca2983870b74ea8b9a258e509846, type: 3}
  m_Name: 
  m_EditorClassIdentifier: 
  Instance: {fileID: 0}
  RenderLayerIDToSave: {fileID: 0}
  GeneralVisibilityToSave: {fileID: 0}
  CameraVisibilityToSave: {fileID: 0}
  ShadowVisibilityToSave: {fileID: 0}
  RandomColorSeedToSave: {fileID: 0}
  ColorToSave: {fileID: 0}
  BakingGroupIDToSave: {fileID: 0}
  BakingUvScaleToSave: {fileID: 0}
  BakingUvRotationToSave: {fileID: 0}
  BakingUvTranslationToSave: {fileID: 0}
--- !u!114 &114503909678953180
MonoBehaviour:
  m_ObjectHideFlags: 1
  m_PrefabParentObject: {fileID: 0}
  m_PrefabInternal: {fileID: 100100000}
  m_GameObject: {fileID: 192946}
  m_Enabled: 1
  m_EditorHideFlags: 0
  m_Script: {fileID: 1240533556, guid: f654ca2983870b74ea8b9a258e509846, type: 3}
  m_Name: 
  m_EditorClassIdentifier: 
  Instance: {fileID: 0}
  RenderLayerIDToSave: {fileID: 0}
  GeneralVisibilityToSave: {fileID: 0}
  CameraVisibilityToSave: {fileID: 0}
  ShadowVisibilityToSave: {fileID: 0}
  RandomColorSeedToSave: {fileID: 0}
  ColorToSave: {fileID: 0}
  BakingGroupIDToSave: {fileID: 0}
  BakingUvScaleToSave: {fileID: 0}
  BakingUvRotationToSave: {fileID: 0}
  BakingUvTranslationToSave: {fileID: 0}
--- !u!114 &114566298143012844
MonoBehaviour:
  m_ObjectHideFlags: 1
  m_PrefabParentObject: {fileID: 0}
  m_PrefabInternal: {fileID: 100100000}
  m_GameObject: {fileID: 108164}
  m_Enabled: 1
  m_EditorHideFlags: 0
  m_Script: {fileID: -1278561527, guid: f654ca2983870b74ea8b9a258e509846, type: 3}
  m_Name: 
  m_EditorClassIdentifier: 
  Attached: 1
--- !u!114 &114571204324544278
MonoBehaviour:
  m_ObjectHideFlags: 1
  m_PrefabParentObject: {fileID: 0}
  m_PrefabInternal: {fileID: 100100000}
  m_GameObject: {fileID: 141494}
  m_Enabled: 1
  m_EditorHideFlags: 0
  m_Script: {fileID: -1278561527, guid: f654ca2983870b74ea8b9a258e509846, type: 3}
  m_Name: 
  m_EditorClassIdentifier: 
  Attached: 1
--- !u!114 &114573401141028792
MonoBehaviour:
  m_ObjectHideFlags: 1
  m_PrefabParentObject: {fileID: 0}
  m_PrefabInternal: {fileID: 100100000}
  m_GameObject: {fileID: 1236893283738200}
  m_Enabled: 1
  m_EditorHideFlags: 0
  m_Script: {fileID: 0}
  m_Name: 
  m_EditorClassIdentifier: 
--- !u!114 &114579263844234932
MonoBehaviour:
  m_ObjectHideFlags: 1
  m_PrefabParentObject: {fileID: 0}
  m_PrefabInternal: {fileID: 100100000}
  m_GameObject: {fileID: 1084872518932816}
  m_Enabled: 1
  m_EditorHideFlags: 0
  m_Script: {fileID: 1240533556, guid: f654ca2983870b74ea8b9a258e509846, type: 3}
  m_Name: 
  m_EditorClassIdentifier: 
  Instance: {fileID: 0}
  RenderLayerIDToSave: {fileID: 0}
  GeneralVisibilityToSave: {fileID: 0}
  CameraVisibilityToSave: {fileID: 0}
  ShadowVisibilityToSave: {fileID: 0}
  RandomColorSeedToSave: {fileID: 0}
  ColorToSave: {fileID: 0}
  BakingGroupIDToSave: {fileID: 0}
  BakingUvScaleToSave: {fileID: 0}
  BakingUvRotationToSave: {fileID: 0}
  BakingUvTranslationToSave: {fileID: 0}
--- !u!114 &114589930397763584
MonoBehaviour:
  m_ObjectHideFlags: 1
  m_PrefabParentObject: {fileID: 0}
  m_PrefabInternal: {fileID: 100100000}
  m_GameObject: {fileID: 108164}
  m_Enabled: 1
  m_EditorHideFlags: 0
  m_Script: {fileID: 1240533556, guid: f654ca2983870b74ea8b9a258e509846, type: 3}
  m_Name: 
  m_EditorClassIdentifier: 
  Instance: {fileID: 0}
  RenderLayerIDToSave: {fileID: 0}
  GeneralVisibilityToSave: {fileID: 0}
  CameraVisibilityToSave: {fileID: 0}
  ShadowVisibilityToSave: {fileID: 0}
  RandomColorSeedToSave: {fileID: 0}
  ColorToSave: {fileID: 0}
  BakingGroupIDToSave: {fileID: 0}
  BakingUvScaleToSave: {fileID: 0}
  BakingUvRotationToSave: {fileID: 0}
  BakingUvTranslationToSave: {fileID: 0}
--- !u!114 &114595917233661764
MonoBehaviour:
  m_ObjectHideFlags: 1
  m_PrefabParentObject: {fileID: 0}
  m_PrefabInternal: {fileID: 100100000}
  m_GameObject: {fileID: 1236893283738200}
  m_Enabled: 1
  m_EditorHideFlags: 0
  m_Script: {fileID: 1240533556, guid: f654ca2983870b74ea8b9a258e509846, type: 3}
  m_Name: 
  m_EditorClassIdentifier: 
  Instance: {fileID: 0}
  RenderLayerIDToSave: {fileID: 0}
  GeneralVisibilityToSave: {fileID: 0}
  CameraVisibilityToSave: {fileID: 0}
  ShadowVisibilityToSave: {fileID: 0}
  RandomColorSeedToSave: {fileID: 0}
  ColorToSave: {fileID: 0}
  BakingGroupIDToSave: {fileID: 0}
  BakingUvScaleToSave: {fileID: 0}
  BakingUvRotationToSave: {fileID: 0}
  BakingUvTranslationToSave: {fileID: 0}
--- !u!114 &114621974715876296
MonoBehaviour:
  m_ObjectHideFlags: 1
  m_PrefabParentObject: {fileID: 0}
  m_PrefabInternal: {fileID: 100100000}
  m_GameObject: {fileID: 1236893283738200}
  m_Enabled: 1
  m_EditorHideFlags: 0
  m_Script: {fileID: -1278561527, guid: f654ca2983870b74ea8b9a258e509846, type: 3}
  m_Name: 
  m_EditorClassIdentifier: 
  Attached: 1
--- !u!114 &114666142668818270
MonoBehaviour:
  m_ObjectHideFlags: 1
  m_PrefabParentObject: {fileID: 0}
  m_PrefabInternal: {fileID: 100100000}
  m_GameObject: {fileID: 1441516240669738}
  m_Enabled: 1
  m_EditorHideFlags: 0
  m_Script: {fileID: 1240533556, guid: f654ca2983870b74ea8b9a258e509846, type: 3}
  m_Name: 
  m_EditorClassIdentifier: 
  Instance: {fileID: 0}
  RenderLayerIDToSave: {fileID: 0}
  GeneralVisibilityToSave: {fileID: 0}
  CameraVisibilityToSave: {fileID: 0}
  ShadowVisibilityToSave: {fileID: 0}
  RandomColorSeedToSave: {fileID: 0}
  ColorToSave: {fileID: 0}
  BakingGroupIDToSave: {fileID: 0}
  BakingUvScaleToSave: {fileID: 0}
  BakingUvRotationToSave: {fileID: 0}
  BakingUvTranslationToSave: {fileID: 0}
--- !u!114 &114666479566919888
MonoBehaviour:
  m_ObjectHideFlags: 1
  m_PrefabParentObject: {fileID: 0}
  m_PrefabInternal: {fileID: 100100000}
  m_GameObject: {fileID: 192946}
  m_Enabled: 1
  m_EditorHideFlags: 0
  m_Script: {fileID: -1278561527, guid: f654ca2983870b74ea8b9a258e509846, type: 3}
  m_Name: 
  m_EditorClassIdentifier: 
  Attached: 1
--- !u!114 &114698930008665986
MonoBehaviour:
  m_ObjectHideFlags: 1
  m_PrefabParentObject: {fileID: 0}
  m_PrefabInternal: {fileID: 100100000}
  m_GameObject: {fileID: 129356}
  m_Enabled: 1
  m_EditorHideFlags: 0
  m_Script: {fileID: -1278561527, guid: f654ca2983870b74ea8b9a258e509846, type: 3}
  m_Name: 
  m_EditorClassIdentifier: 
  Attached: 1
--- !u!114 &114768324211651268
MonoBehaviour:
  m_ObjectHideFlags: 1
  m_PrefabParentObject: {fileID: 0}
  m_PrefabInternal: {fileID: 100100000}
  m_GameObject: {fileID: 1277170116761120}
  m_Enabled: 1
  m_EditorHideFlags: 0
  m_Script: {fileID: -1278561527, guid: f654ca2983870b74ea8b9a258e509846, type: 3}
  m_Name: 
  m_EditorClassIdentifier: 
  Attached: 1
--- !u!114 &114815140929314200
MonoBehaviour:
  m_ObjectHideFlags: 1
  m_PrefabParentObject: {fileID: 0}
  m_PrefabInternal: {fileID: 100100000}
  m_GameObject: {fileID: 1441516240669738}
  m_Enabled: 1
  m_EditorHideFlags: 0
  m_Script: {fileID: -1278561527, guid: f654ca2983870b74ea8b9a258e509846, type: 3}
  m_Name: 
  m_EditorClassIdentifier: 
  Attached: 1
--- !u!114 &114846726305586942
MonoBehaviour:
  m_ObjectHideFlags: 1
  m_PrefabParentObject: {fileID: 0}
  m_PrefabInternal: {fileID: 100100000}
  m_GameObject: {fileID: 1847466765925858}
  m_Enabled: 1
  m_EditorHideFlags: 0
  m_Script: {fileID: -1278561527, guid: f654ca2983870b74ea8b9a258e509846, type: 3}
  m_Name: 
  m_EditorClassIdentifier: 
  Attached: 1
--- !u!114 &114850949019207836
MonoBehaviour:
  m_ObjectHideFlags: 1
  m_PrefabParentObject: {fileID: 0}
  m_PrefabInternal: {fileID: 100100000}
  m_GameObject: {fileID: 146370}
  m_Enabled: 1
  m_EditorHideFlags: 0
  m_Script: {fileID: -1278561527, guid: f654ca2983870b74ea8b9a258e509846, type: 3}
  m_Name: 
  m_EditorClassIdentifier: 
  Attached: 1
--- !u!114 &114940555105909160
MonoBehaviour:
  m_ObjectHideFlags: 1
  m_PrefabParentObject: {fileID: 0}
  m_PrefabInternal: {fileID: 100100000}
  m_GameObject: {fileID: 1497346826741238}
  m_Enabled: 1
  m_EditorHideFlags: 0
  m_Script: {fileID: -1278561527, guid: f654ca2983870b74ea8b9a258e509846, type: 3}
  m_Name: 
  m_EditorClassIdentifier: 
  Attached: 1
